@article{PGL-010,
url = {http://dx.doi.org/10.1561/2500000010},
year = {2017},
volume = {4},
journal = {Foundations and TrendsÂ® in Programming Languages},
title = {Program Synthesis},
doi = {10.1561/2500000010},
issn = {2325-1107},
number = {1-2},
pages = {1-119},
author = {Sumit Gulwani and Oleksandr Polozov and Rishabh Singh}
}

@inproceedings{zaremba2014learning,
  title={Learning to discover efficient mathematical identities},
  author={Zaremba, Wojciech and Kurach, Karol and Fergus, Rob},
  booktitle={Advances in Neural Information Processing Systems},
  pages={1278--1286},
  year={2014}
}

@inproceedings{osera2015type,
  title={Type-and-example-directed program synthesis},
  author={Osera, Peter-Michael and Zdancewic, Steve},
  booktitle={ACM SIGPLAN Notices},
  volume={50},
  number={6},
  pages={619--630},
  year={2015},
  organization={ACM}
}

@article{polikarpova2016program,
  title={Program synthesis from polymorphic refinement types},
  author={Polikarpova, Nadia and Kuraj, Ivan and Solar-Lezama, Armando},
  journal={ACM SIGPLAN Notices},
  volume={51},
  number={6},
  pages={522--538},
  year={2016},
  publisher={ACM}
}

@inproceedings{balog2017deepcoder,
  title={DeepCoder: Learning to Write Programs},
  author={Balog, M and Gaunt, AL and Brockschmidt, M and Nowozin, S and Tarlow, D},
  booktitle={International Conference on Learning Representations 2017},
  year={2017}
}

@inproceedings{devlin2017robustfill,
  title={RobustFill: Neural Program Learning under Noisy I/O},
  author={Devlin, Jacob and Uesato, Jonathan and Bhupatiraju, Surya and Singh, Rishabh and Mohamed, Abdel-rahman and Kohli, Pushmeet},
  booktitle={International Conference on Machine Learning},
  pages={990--998},
  year={2017}
}

@article{bunel2018leveraging,
  title={Leveraging Grammar and Reinforcement Learning for Neural Program Synthesis},
  author={Bunel, Rudy and Hausknecht, Matthew and Devlin, Jacob and Singh, Rishabh and Kohli, Pushmeet},
  booktitle={International Conference on Learning Representations 2018},
  year={2018}
}

@inproceedings{yin2018tranx,
  title={TRANX: A Transition-based Neural Abstract Syntax Parser for Semantic Parsing and Code Generation},
  author={Yin, Pengcheng and Neubig, Graham},
  booktitle={Proceedings of the 2018 Conference on Empirical Methods in Natural Language Processing: System Demonstrations},
  pages={7--12},
  year={2018}
}

@inproceedings{yin2018structvae,
  title={StructVAE: Tree-structured Latent Variable Models for Semi-supervised Semantic Parsing},
  author={Yin, Pengcheng and Zhou, Chunting and He, Junxian and Neubig, Graham},
  booktitle={Proceedings of the 56th Annual Meeting of the Association for Computational Linguistics (Volume 1: Long Papers)},
  volume={1},
  pages={754--765},
  year={2018}
}

@article{dai2018syntax,
  title={Syntax-directed variational autoencoder for structured data},
  author={Dai, Hanjun and Tian, Yingtao and Dai, Bo and Skiena, Steven and Song, Le},
  journal={arXiv preprint arXiv:1802.08786},
  year={2018}
}

@inproceedings{kusner2017grammar,
  title={Grammar Variational Autoencoder},
  author={Kusner, Matt J and Paige, Brooks and Hern{\'a}ndez-Lobato, Jos{\'e} Miguel},
  booktitle={International Conference on Machine Learning},
  pages={1945--1954},
  year={2017}
}

@article{byrd2017unified,
  title={A unified approach to solving seven programming problems (functional pearl)},
  author={Byrd, William E and Ballantyne, Michael and Rosenblatt, Gregory and Might, Matthew},
  journal={Proceedings of the ACM on Programming Languages},
  volume={1},
  number={ICFP},
  pages={8},
  year={2017},
  publisher={ACM}
}

@inproceedings{zhang2018neural,
  title={Neural guided constraint logic programming for program synthesis},
  author={Zhang, Lisa and Rosenblatt, Gregory and Fetaya, Ethan and Liao, Renjie and Byrd, William and Might, Matthew and Urtasun, Raquel and Zemel, Richard},
  booktitle={Advances in Neural Information Processing Systems},
  pages={1744--1753},
  year={2018}
}

@inproceedings{lee2018accelerating,
  title={Accelerating search-based program synthesis using learned probabilistic models},
  author={Lee, Woosuk and Heo, Kihong and Alur, Rajeev and Naik, Mayur},
  booktitle={Proceedings of the 39th ACM SIGPLAN Conference on Programming Language Design and Implementation},
  pages={436--449},
  year={2018},
  organization={ACM}
}

@article{polikarpova2019structuring,
  title={Structuring the synthesis of heap-manipulating programs},
  author={Polikarpova, Nadia and Sergey, Ilya},
  journal={Proceedings of the ACM on Programming Languages},
  volume={3},
  number={POPL},
  pages={72},
  year={2019},
  publisher={ACM}
}

@article{yaghmazadeh2017sqlizer,
  title={SQLizer: query synthesis from natural language},
  author={Yaghmazadeh, Navid and Wang, Yuepeng and Dillig, Isil and Dillig, Thomas},
  journal={Proceedings of the ACM on Programming Languages},
  volume={1},
  number={OOPSLA},
  pages={63},
  year={2017},
  publisher={ACM}
}
